@online{apollo-types,
    title       = {GraphQL Schema Basics},
    organization= {Apollo GraphQL},
    year        = {2024},
    url         = {https://www.apollographql.com/docs/apollo-server/schema/schema},
    urldate     = {2024-10-3},
    note        = {Accessed: October 25, 2019}
}

@online{apollo-resolver,
    title       = {Resolvers},
    organization= {Apollo GraphQL},
    year        = {2020},
    url         = {https://www.apollographql.com/docs/apollo-server/data/resolvers},
    urldate     = {2024-10-10},
    note        = {Accessed: October 25, 2024}
}

@online{apollo-federation,
    title       = {Introduction to Apollo Federation},
    organization= {Apollo GraphQL},
    url         = {https://www.apollographql.com/docs/graphos/schema-design/federated-schemas/federation},
    urldate     = {2024-10-10},
    note        = {Accessed: October 25, 2024}
}

@online{apollo-resolver-reference,
    title       = {API Reference: @apollo/subgraph},
    organization= {Apollo GraphQL},
    year        = {2022},
    url         = {https://www.apollographql.com/docs/apollo-server/using-federation/api/apollo-subgraph#__resolvereference},
    urldate     = {2023-8-24},
    note        = {Accessed: October 25, 2024}
}